<?xml version="1.0" encoding="UTF-8"?><collection xmlns="http://www.loc.gov/MARC21/slim"><record><leader>00574nam--2200217-u-4500</leader><controlfield tag="001">000050444</controlfield><controlfield tag="002">20161230</controlfield><controlfield tag="003">81840</controlfield><controlfield tag="005">20161230201048</controlfield><controlfield tag="008">070322s1000------------r-----000-0-eng-d</controlfield><datafield ind1=" " ind2=" " tag="020"><subfield code="a">0-387-40075-3</subfield></datafield><datafield ind1=" " ind2=" " tag="040"><subfield code="a">IFIN-HH</subfield></datafield><datafield ind1=" " ind2=" " tag="041"><subfield code="a">eng</subfield></datafield><datafield ind1="1" ind2=" " tag="100"><subfield code="a">Weitkamp,Claus (ed.)</subfield></datafield><datafield ind1="1" ind2="0" tag="245"><subfield code="a">LIDAR:Range-Resolved Optical Remote Sensing of the Atmosphere</subfield></datafield><datafield ind1=" " ind2=" " tag="260"><subfield code="a">Berlin</subfield><subfield code="b">Springer</subfield><subfield code="c">2005</subfield></datafield><datafield ind1=" " ind2=" " tag="300"><subfield code="a">455 p</subfield></datafield><datafield ind1=" " ind2=" " tag="490"><subfield code="a">Springer Series in Optical Scieces</subfield></datafield><datafield ind1=" " ind2="4" tag="650"><subfield code="a">Lidar and Multiple Scattering</subfield></datafield><datafield ind1=" " ind2=" " tag="852"><subfield code="a">81840</subfield></datafield><datafield ind1=" " ind2=" " tag="CAT"><subfield code="a">Sys</subfield><subfield code="c">20070322</subfield><subfield code="h">120453</subfield></datafield></record></collection>